@book{刘海洋2013LATEX,
  title={LATEX入门},
  author={刘海洋},
  publisher={电子工业出版社},
  address={北京},
  year={2013},
  language={中文}
}